<Document xmlns="urn:iso:std:iso:20022:tech:xsd:camt.053.001.02"><BkToCstmrStmt><Stmt><Id>ABC123</Id><CreDtTm>2023-08-04 12:00:00</CreDtTm><Bal><Tp><CdOrPrtry>OPNG </CdOrPrtry></Tp><Amt Ccy="USD">1000.00</Amt></Bal><Ntry><Amt Ccy="USD">100.00</Amt><CdtDbtInd>CRDT </CdtDbtInd><NtryDtls><TxDtls><Refs AcctSvcrRef="12345" /></TxDtls></NtryDtls></Ntry><Bal><Tp><CdOrPrtry>CLSG </CdOrPrtry></Tp><Amt Ccy="USD">1100.00</Amt></Bal></Stmt></BkToCstmrStmt></Document>
