<Document xmlns="urn:iso:std:iso:20022:tech:xsd:camt.053.001.02"><BkToCstmrStmt><Stmt><Id>ABC123</Id><CreDtTm>2023-08-15 11:00:00</CreDtTm><Bal><Tp><CdOrPrtry>OPNG </CdOrPrtry></Tp><Amt Ccy="USD">500.00</Amt></Bal><Ntry><Amt Ccy="USD">200.00</Amt><CdtDbtInd>CRDT </CdtDbtInd><NtryDtls><TxDtls><Refs AcctSvcrRef="12345" /></TxDtls></NtryDtls></Ntry><Bal><Tp><CdOrPrtry>CLSG </CdOrPrtry></Tp><Amt Ccy="USD">700.00</Amt></Bal></Stmt></BkToCstmrStmt><BkToCstmrStmt><Stmt><Id>ABC123</Id><CreDtTm>2023-08-15 12:00:00</CreDtTm><Bal><Tp><CdOrPrtry>OPNG </CdOrPrtry></Tp><Amt Ccy="USD">1500.00</Amt></Bal><Ntry><Amt Ccy="USD">1200.00</Amt><CdtDbtInd>CRDT </CdtDbtInd><NtryDtls><TxDtls><Refs AcctSvcrRef="12345" /></TxDtls></NtryDtls></Ntry><Bal><Tp><CdOrPrtry>CLSG </CdOrPrtry></Tp><Amt Ccy="USD">2700.00</Amt></Bal></Stmt></BkToCstmrStmt><BkToCstmrStmt><Stmt><Id>QWERT123</Id><CreDtTm>2023-09-19 12:00:00</CreDtTm><Bal><Tp><CdOrPrtry>OPNG </CdOrPrtry></Tp><Amt Ccy="USD">500.00</Amt></Bal><Ntry><Amt Ccy="USD">200.00</Amt><CdtDbtInd>CRDT </CdtDbtInd><NtryDtls><TxDtls><Refs AcctSvcrRef="12345" /></TxDtls></NtryDtls></Ntry><Bal><Tp><CdOrPrtry>CLSG </CdOrPrtry></Tp><Amt Ccy="USD">700.00</Amt></Bal></Stmt></BkToCstmrStmt></Document>